@article{acerbi2023large,
  title={Large language models show human-like content biases in transmission chain experiments},
  author={Acerbi, Alberto and Stubbersfield, Joseph M},
  journal={Proceedings of the National Academy of Sciences},
  volume={120},
  number={44},
  pages={e2313790120},
  year={2023},
  publisher={National Acad Sciences}
}

@article{achiam2023gpt,
  title={GPT-4 Technical Report},
  author={Achiam, Josh and Adler, Steven and Agarwal, Sandhini and Ahmad, Lama and Akkaya, Ilge and Aleman, Florencia Leoni and Almeida, Diogo and Altenschmidt, Janko and Altman, Sam and Anadkat, Shyamal and others},
  journal={arXiv preprint arXiv:2303.08774},
  year={2023}
}

@article{akalin2021reinforcement,
  title={Reinforcement learning approaches in social robotics},
  author={Akalin, Neziha and Loutfi, Amy},
  journal={Sensors},
  volume={21},
  number={4},
  pages={1292},
  year={2021},
  publisher={MDPI}
}

@article{bertacchini2023social,
  title={A social robot connected with chatGPT to improve cognitive functioning in ASD subjects},
  author={Bertacchini, Francesca and Demarco, Francesco and Scuro, Carmelo and Pantano, Pietro and Bilotta, Eleonora},
  journal={Frontiers in Psychology},
  volume={14},
  year={2023},
  publisher={Frontiers Media SA}
}

@inproceedings{billing2023language,
  title={Language models for human-robot interaction},
  author={Billing, Erik and Ros{\'e}n, Julia and Lamb, Maurice},
  booktitle={ACM/IEEE International Conference on Human-Robot Interaction, March 13--16, 2023, Stockholm, Sweden},
  pages={905--906},
  year={2023},
  organization={ACM Digital Library}
}

@article{feil2011socially,
  title={Socially assistive robotics},
  author={Feil-Seifer, David and Matari{\'c}, Maja J},
  journal={IEEE Robotics \& Automation Magazine},
  volume={18},
  number={1},
  pages={24--31},
  year={2011},
  publisher={IEEE}
}

@article{marti2018adapting,
  title={Adapting a general-purpose social robot for paediatric rehabilitation through in situ design},
  author={Mart{\'\i} Carrillo, Felip and Butchart, Joanna and Knight, Sarah and Scheinberg, Adam and Wise, Lisa and Sterling, Leon and McCarthy, Chris},
  journal={ACM Transactions on Human-Robot Interaction (THRI)},
  volume={7},
  number={1},
  pages={1--30},
  year={2018},
  publisher={ACM New York, NY, USA}
}

@article{sevilla2023using,
  title={Using Large Language Models to Shape Social Robots’ Speech},
  author={Sevilla-Salcedo, Javier and Fern{\'a}dez-Rodicio, Enrique and Mart{\'\i}n-Galv{\'a}n, Laura and Castro-Gonz{\'a}lez, {\'A}lvaro and Castillo, Jos{\'e} C and Salichs, Miguel A},
  year={2023},
  publisher={International Journal of Interactive Multimedia and Artificial Intelligence}
}

@article{rudzicz2015speech,
  title={Speech interaction with personal assistive robots supporting aging at home for individuals with Alzheimer’s disease},
  author={Rudzicz, Frank and Wang, Rosalie and Begum, Momotaz and Mihailidis, Alex},
  journal={ACM Transactions on Accessible Computing (TACCESS)},
  volume={7},
  number={2},
  pages={1--22},
  year={2015},
  publisher={ACM New York, NY, USA}
}

@article{lee2023developing,
  title={Developing Social Robots with Empathetic Non-Verbal Cues Using Large Language Models},
  author={Lee, Yoon Kyung and Jung, Yoonwon and Kang, Gyuyi and Hahn, Sowon},
  journal={arXiv preprint arXiv:2308.16529},
  year={2023}
}

@article{spitale2023vita,
  title={VITA: A Multi-modal LLM-based System for Longitudinal, Autonomous, and Adaptive Robotic Mental Well-being Coaching},
  author={Spitale, Micol and Axelsson, Minja and Gunes, Hatice},
  journal={arXiv preprint arXiv:2312.09740},
  year={2023}
}

@article{wake2023gpt,
  title={GPT Models Meet Robotic Applications: Co-Speech Gesturing Chat System},
  author={Wake, Naoki and Kanehira, Atsushi and Sasabuchi, Kazuhiro and Takamatsu, Jun and Ikeuchi, Katsushi},
  journal={arXiv preprint arXiv:2306.01741},
  year={2023}
}

@inproceedings{lin-etal-2022-inferring,
    title = "Inferring Rewards from Language in Context",
    author = "Lin, Jessy  and
      Fried, Daniel  and
      Klein, Dan  and
      Dragan, Anca",
    editor = "Muresan, Smaranda  and
      Nakov, Preslav  and
      Villavicencio, Aline",
    booktitle = "Proceedings of the 60th Annual Meeting of the Association for Computational Linguistics (Volume 1: Long Papers)",
    month = may,
    year = "2022",
    address = "Dublin, Ireland",
    publisher = "Association for Computational Linguistics",
    url = "https://aclanthology.org/2022.acl-long.585",
    doi = "10.18653/v1/2022.acl-long.585",
    pages = "8546--8560"
}

@misc{lin2023learning,
      title={Learning to Model the World with Language}, 
      author={Jessy Lin and Yuqing Du and Olivia Watkins and Danijar Hafner and Pieter Abbeel and Dan Klein and Anca Dragan},
      year={2023},
      eprint={2308.01399},
      archivePrefix={arXiv},
      primaryClass={cs.CL}
}

@article{min2023recent,
  title={Recent advances in natural language processing via large pre-trained language models: A survey},
  author={Min, Bonan and Ross, Hayley and Sulem, Elior and Veyseh, Amir Pouran Ben and Nguyen, Thien Huu and Sainz, Oscar and Agirre, Eneko and Heintz, Ilana and Roth, Dan},
  journal={ACM Computing Surveys},
  volume={56},
  number={2},
  pages={1--40},
  year={2023},
  publisher={ACM New York, NY}
}

@inproceedings{sap-etal-2019-social,
    title = "Social {IQ}a: Commonsense Reasoning about Social Interactions",
    author = "Sap, Maarten  and
      Rashkin, Hannah  and
      Chen, Derek  and
      Le Bras, Ronan  and
      Choi, Yejin",
    editor = "Inui, Kentaro  and
      Jiang, Jing  and
      Ng, Vincent  and
      Wan, Xiaojun",
    booktitle = "Proceedings of the 2019 Conference on Empirical Methods in Natural Language Processing and the 9th International Joint Conference on Natural Language Processing (EMNLP-IJCNLP)",
    month = nov,
    year = "2019",
    address = "Hong Kong, China",
    publisher = "Association for Computational Linguistics",
    url = "https://aclanthology.org/D19-1454",
    doi = "10.18653/v1/D19-1454",
    pages = "4463--4473",
}

@article{cabibihan2013robots,
  title={Why robots? A survey on the roles and benefits of social robots in the therapy of children with autism},
  author={Cabibihan, John-John and Javed, Hifza and Ang, Marcelo and Aljunied, Sharifah Mariam},
  journal={International journal of social robotics},
  volume={5},
  pages={593--618},
  year={2013},
  publisher={Springer}
}

@article{shishehgar2018systematic,
  title={A systematic review of research into how robotic technology can help older people},
  author={Shishehgar, Majid and Kerr, Donald and Blake, Jacqueline},
  journal={Smart Health},
  volume={7},
  pages={1--18},
  year={2018},
  publisher={Elsevier}
}

@article{randall2019survey,
  title={A survey of robot-assisted language learning (RALL)},
  author={Randall, Natasha},
  journal={ACM Transactions on Human-Robot Interaction (THRI)},
  volume={9},
  number={1},
  pages={1--36},
  year={2019},
  publisher={ACM New York, NY, USA}
}

@article{scoglio2019use,
  title={Use of social robots in mental health and well-being research: systematic review},
  author={Scoglio, Arielle AJ and Reilly, Erin D and Gorman, Jay A and Drebing, Charles E},
  journal={Journal of medical Internet research},
  volume={21},
  number={7},
  pages={e13322},
  year={2019},
  publisher={JMIR Publications Toronto, Canada}
}

@article{koh2021impacts,
  title={Impacts of low-cost robotic pets for older adults and people with dementia: scoping review},
  author={Koh, Wei Qi and Ang, Faith Xin Hui and Casey, Dympna},
  journal={JMIR rehabilitation and assistive technologies},
  volume={8},
  number={1},
  pages={e25340},
  year={2021},
  publisher={JMIR Publications Inc., Toronto, Canada}
}

@article{pinto2022physical,
  title={Physical human-robot interaction influence in ASD therapy through an affordable soft social robot},
  author={Pinto-Bernal, Maria Jose and Cespedes, Nathalia and Castro, Paola and Munera, Marcela and Cifuentes, Carlos A},
  journal={Journal of Intelligent \& Robotic Systems},
  volume={105},
  number={3},
  pages={67},
  year={2022},
  publisher={Springer}
}

@article{koh2022usability,
  title={The usability and impact of a low-cost pet robot for older adults and people with dementia: qualitative content analysis of user experiences and perceptions on consumer websites},
  author={Koh, Wei Qi and Whelan, Sally and Heins, Pascale and Casey, Dympna and Toomey, Elaine and Dr{\"o}es, Rose-Marie},
  journal={JMIR aging},
  volume={5},
  number={1},
  pages={e29224},
  year={2022},
  publisher={JMIR Publications Toronto, Canada}
}

@article{skantze2021turn,
  title={Turn-taking in conversational systems and human-robot interaction: a review},
  author={Skantze, Gabriel},
  journal={Computer Speech \& Language},
  volume={67},
  pages={101178},
  year={2021},
  publisher={Elsevier}
}

@article{robinson2023robotic,
  title={Robotic vision for human-robot interaction and collaboration: A survey and systematic review},
  author={Robinson, Nicole and Tidd, Brendan and Campbell, Dylan and Kuli{\'c}, Dana and Corke, Peter},
  journal={ACM Transactions on Human-Robot Interaction},
  volume={12},
  number={1},
  pages={1--66},
  year={2023},
  publisher={ACM New York, NY}
}

@article{li2021intention,
  title={Intention understanding in human--robot interaction based on visual-NLP semantics},
  author={Li, Zhihao and Mu, Yishan and Sun, Zhenglong and Song, Sifan and Su, Jionglong and Zhang, Jiaming},
  journal={Frontiers in Neurorobotics},
  volume={14},
  pages={610139},
  year={2021},
  publisher={Frontiers Media SA}
}

@inproceedings{singh2023progprompt,
  title={Progprompt: Generating situated robot task plans using large language models},
  author={Singh, Ishika and Blukis, Valts and Mousavian, Arsalan and Goyal, Ankit and Xu, Danfei and Tremblay, Jonathan and Fox, Dieter and Thomason, Jesse and Garg, Animesh},
  booktitle={2023 IEEE International Conference on Robotics and Automation (ICRA)},
  pages={11523--11530},
  year={2023},
  organization={IEEE}
}

@inproceedings{xu2022systematic,
  title={A systematic evaluation of large language models of code},
  author={Xu, Frank F and Alon, Uri and Neubig, Graham and Hellendoorn, Vincent Josua},
  booktitle={Proceedings of the 6th ACM SIGPLAN International Symposium on Machine Programming},
  pages={1--10},
  year={2022}
}

@inproceedings{cui2024survey,
  title={A survey on multimodal large language models for autonomous driving},
  author={Cui, Can and Ma, Yunsheng and Cao, Xu and Ye, Wenqian and Zhou, Yang and Liang, Kaizhao and Chen, Jintai and Lu, Juanwu and Yang, Zichong and Liao, Kuei-Da and others},
  booktitle={Proceedings of the IEEE/CVF Winter Conference on Applications of Computer Vision},
  pages={958--979},
  year={2024}
}

@article{clabaugh2019escaping,
  title={Escaping oz: Autonomy in socially assistive robotics},
  author={Clabaugh, Caitlyn and Matari{\'c}, Maja},
  journal={Annual Review of Control, Robotics, and Autonomous Systems},
  volume={2},
  pages={33--61},
  year={2019},
  publisher={Annual Reviews}
}

@article{youssef2022survey,
  title={A survey on recent advances in social robotics},
  author={Youssef, Karim and Said, Sherif and Alkork, Samer and Beyrouthy, Taha},
  journal={Robotics},
  volume={11},
  number={4},
  pages={75},
  year={2022},
  publisher={MDPI}
}



@article{weidinger2021ethical,
  title={Ethical and social risks of harm from language models},
  author={Weidinger, Laura and Mellor, John and Rauh, Maribeth and Griffin, Conor and Uesato, Jonathan and Huang, Po-Sen and Cheng, Myra and Glaese, Mia and Balle, Borja and Kasirzadeh, Atoosa and others},
  journal={arXiv preprint arXiv:2112.04359},
  year={2021}
}

@article{zhang2023large,
  title={Large language models for human-robot interaction: A review},
  author={Zhang, Ceng and Chen, Junxin and Li, Jiatong and Peng, Yanhong and Mao, Zebing},
  journal={Biomimetic Intelligence and Robotics},
  pages={100131},
  year={2023},
  publisher={Elsevier}
}

@article{erich2017systematic,
  title={A systematic literature review of experiments in socially assistive robotics using humanoid robots},
  author={Erich, Floris and Hirokawa, Masakazu and Suzuki, Kenji},
  journal={arXiv preprint arXiv:1711.05379},
  year={2017}
}

@article{mishra2023real,
  title={Real-time emotion generation in human-robot dialogue using large language models},
  author={Mishra, Chinmaya and Verdonschot, Rinus and Hagoort, Peter and Skantze, Gabriel},
  journal={Frontiers in Robotics and AI},
  volume={10},
  year={2023},
  publisher={Frontiers Media SA}
}

@misc{stiennon2022learning,
      title={Learning to summarize from human feedback}, 
      author={Nisan Stiennon and Long Ouyang and Jeff Wu and Daniel M. Ziegler and Ryan Lowe and Chelsea Voss and Alec Radford and Dario Amodei and Paul Christiano},
      year={2022},
      eprint={2009.01325},
      archivePrefix={arXiv},
      primaryClass={cs.CL}
}

@article{irfan2023between,
  title={Between Reality and Delusion: Challenges of Applying Large Language Models to Companion Robots for Open-Domain Dialogues with Older Adults},
  author={Irfan, Bahar and Kuoppam{\"a}ki, Sanna-Mari and Skantze, Gabriel},
  year={2023}
}

//Multimodal LMs
@article{zhang2023vision,
  title={Vision-language models for vision tasks: A survey},
  author={Zhang, Jingyi and Huang, Jiaxing and Jin, Sheng and Lu, Shijian},
  journal={arXiv preprint arXiv:2304.00685},
  year={2023}
}

\\clip
@inproceedings{radford2021learning,
  title={Learning transferable visual models from natural language supervision},
  author={Radford, Alec and Kim, Jong Wook and Hallacy, Chris and Ramesh, Aditya and Goh, Gabriel and Agarwal, Sandhini and Sastry, Girish and Askell, Amanda and Mishkin, Pamela and Clark, Jack and others},
  booktitle={International conference on machine learning},
  pages={8748--8763},
  year={2021},
  organization={PMLR}
}
\align
@inproceedings{jia2021scaling,
  title={Scaling up visual and vision-language representation learning with noisy text supervision},
  author={Jia, Chao and Yang, Yinfei and Xia, Ye and Chen, Yi-Ting and Parekh, Zarana and Pham, Hieu and Le, Quoc and Sung, Yun-Hsuan and Li, Zhen and Duerig, Tom},
  booktitle={International conference on machine learning},
  pages={4904--4916},
  year={2021},
  organization={PMLR}
}

@article{gandhi2023understanding,
  title={Understanding social reasoning in language models with language models},
  author={Gandhi, Kanishk and Fr{\"a}nken, Jan-Philipp and Gerstenberg, Tobias and Goodman, Noah D},
  journal={arXiv preprint arXiv:2306.15448},
  year={2023}
}

@inproceedings{huber2018emotional,
  title={Emotional dialogue generation using image-grounded language models},
  author={Huber, Bernd and McDuff, Daniel and Brockett, Chris and Galley, Michel and Dolan, Bill},
  booktitle={Proceedings of the 2018 CHI Conference on Human Factors in Computing Systems},
  pages={1--12},
  year={2018}
}

@article{driess2023palm,
  title={Palm-e: An embodied multimodal language model},
  author={Driess, Danny and Xia, Fei and Sajjadi, Mehdi SM and Lynch, Corey and Chowdhery, Aakanksha and Ichter, Brian and Wahid, Ayzaan and Tompson, Jonathan and Vuong, Quan and Yu, Tianhe and others},
  journal={arXiv preprint arXiv:2303.03378},
  year={2023}
}

@article{zhao2023prompting,
  title={Prompting Visual-Language Models for Dynamic Facial Expression Recognition},
  author={Zhao, Zengqun and Patras, Ioannis},
  journal={arXiv preprint arXiv:2308.13382},
  year={2023}
}

@article{huang2023survey,
  title={A Survey of Safety and Trustworthiness of Large Language Models through the Lens of Verification and Validation},
  author={Huang, Xiaowei and Ruan, Wenjie and Huang, Wei and Jin, Gaojie and Dong, Yi and Wu, Changshun and Bensalem, Saddek and Mu, Ronghui and Qi, Yi and Zhao, Xingyu and others},
  journal={arXiv preprint arXiv:2305.11391},
  year={2023}
}

@article{zhang2023siren,
  title={Siren's Song in the AI Ocean: A Survey on Hallucination in Large Language Models},
  author={Zhang, Yue and Li, Yafu and Cui, Leyang and Cai, Deng and Liu, Lemao and Fu, Tingchen and Huang, Xinting and Zhao, Enbo and Zhang, Yu and Chen, Yulong and others},
  journal={arXiv preprint arXiv:2309.01219},
  year={2023}
}

@article{salehinejad2017recent,
  title={Recent advances in recurrent neural networks},
  author={Salehinejad, Hojjat and Sankar, Sharan and Barfett, Joseph and Colak, Errol and Valaee, Shahrokh},
  journal={arXiv preprint arXiv:1801.01078},
  year={2017}
}

@misc{saycan-ahn2022i,
      title={Do As I Can, Not As I Say: Grounding Language in Robotic Affordances}, 
      author={Michael Ahn and Anthony Brohan and Noah Brown and Yevgen Chebotar and Omar Cortes and Byron David and Chelsea Finn and Chuyuan Fu and Keerthana Gopalakrishnan and Karol Hausman and Alex Herzog and Daniel Ho and Jasmine Hsu and Julian Ibarz and Brian Ichter and Alex Irpan and Eric Jang and Rosario Jauregui Ruano and Kyle Jeffrey and Sally Jesmonth and Nikhil J Joshi and Ryan Julian and Dmitry Kalashnikov and Yuheng Kuang and Kuang-Huei Lee and Sergey Levine and Yao Lu and Linda Luu and Carolina Parada and Peter Pastor and Jornell Quiambao and Kanishka Rao and Jarek Rettinghouse and Diego Reyes and Pierre Sermanet and Nicolas Sievers and Clayton Tan and Alexander Toshev and Vincent Vanhoucke and Fei Xia and Ted Xiao and Peng Xu and Sichun Xu and Mengyuan Yan and Andy Zeng},
      year={2022},
      eprint={2204.01691},
      archivePrefix={arXiv},
      primaryClass={cs.RO}
}


@article{grassi2022knowledge,
  title={Knowledge-grounded dialogue flow management for social robots and conversational agents},
  author={Grassi, Lucrezia and Recchiuto, Carmine Tommaso and Sgorbissa, Antonio},
  journal={International Journal of Social Robotics},
  volume={14},
  number={5},
  pages={1273--1293},
  year={2022},
  publisher={Springer}
}

@article{wu2023gpt4vis,
  title={GPT4Vis: What Can GPT-4 Do for Zero-shot Visual Recognition?},
  author={Wu, Wenhao and Yao, Huanjin and Zhang, Mengxi and Song, Yuxin and Ouyang, Wanli and Wang, Jingdong},
  journal={arXiv preprint arXiv:2311.15732},
  year={2023}
}

@article{wang2022generalizing,
  title={Generalizing to unseen domains: A survey on domain generalization},
  author={Wang, Jindong and Lan, Cuiling and Liu, Chang and Ouyang, Yidong and Qin, Tao and Lu, Wang and Chen, Yiqiang and Zeng, Wenjun and Yu, Philip},
  journal={IEEE Transactions on Knowledge and Data Engineering},
  year={2022},
  publisher={IEEE}
}

@article{shi2022toward,
  title={Toward personalized affect-aware socially assistive robot tutors for long-term interventions with children with autism},
  author={Shi, Zhonghao and Groechel, Thomas R and Jain, Shomik and Chima, Kourtney and Rudovic, Ognjen and Matari{\'c}, Maja J},
  journal={ACM Transactions on Human-Robot Interaction (THRI)},
  volume={11},
  number={4},
  pages={1--28},
  year={2022},
  publisher={ACM New York, NY}
}

@article{ge2023mllm,
  title={MLLM-Bench, Evaluating Multi-modal LLMs using GPT-4V},
  author={Ge, Wentao and Chen, Shunian and Chen, Guiming and Chen, Junying and Chen, Zhihong and Yan, Shuo and Zhu, Chenghao and Lin, Ziyue and Xie, Wenya and Wang, Xidong and others},
  journal={arXiv preprint arXiv:2311.13951},
  year={2023}
}


@article{liyanage2020ethical,
  title={Ethical use of electronic health record data and artificial intelligence: recommendations of the primary care informatics working group of the international medical informatics association},
  author={Liyanage, Harshana and Kuziemsky, Craig and Terry, Amanda and Schreiber, Richard and Jonnagaddala, Jitendra and de Lusignan, Simon and McGovern, A and Hinton, W and Corra, A and Munro, N and others},
  journal={Yearbook of medical informatics},
  volume={29},
  number={01},
  pages={051--057},
  year={2020},
  publisher={Georg Thieme Verlag KG Stuttgart}
}

@article{mataric2016socially,
  title={Socially assistive robotics},
  author={Matari{\'c}, Maja J and Scassellati, Brian},
  journal={Springer handbook of robotics},
  pages={1973--1994},
  year={2016},
  publisher={Springer}
}

@article{lim2023sign,
  title={A Sign Language Recognition System with Pepper, Lightweight-Transformer, and LLM},
  author={Lim, JongYoon and Sa, Inkyu and MacDonald, Bruce and Ahn, Ho Seok},
  journal={arXiv preprint arXiv:2309.16898},
  year={2023}
}

@article{alam2022social,
  title={Social robots in education for long-term human-robot interaction: socially supportive behaviour of robotic tutor for creating robo-tangible learning environment in a guided discovery learning interaction},
  author={Alam, Ashraf},
  journal={ECS Transactions},
  volume={107},
  number={1},
  pages={12389},
  year={2022},
  publisher={IOP Publishing}
}

@inproceedings{bosselut-etal-2019-comet,
    title = "{COMET}: Commonsense Transformers for Automatic Knowledge Graph Construction",
    author = "Bosselut, Antoine  and
      Rashkin, Hannah  and
      Sap, Maarten  and
      Malaviya, Chaitanya  and
      Celikyilmaz, Asli  and
      Choi, Yejin",
    editor = "Korhonen, Anna  and
      Traum, David  and
      M{\`a}rquez, Llu{\'\i}s",
    booktitle = "Proceedings of the 57th Annual Meeting of the Association for Computational Linguistics",
    month = jul,
    year = "2019",
    address = "Florence, Italy",
    publisher = "Association for Computational Linguistics",
    url = "https://aclanthology.org/P19-1470",
    doi = "10.18653/v1/P19-1470",
    pages = "4762--4779"
}